<marc:record xmlns:marc="http://www.loc.gov/MARC21/slim"><marc:leader>00524nam a22001570a 45 0</marc:leader><marc:controlfield tag="001">307150</marc:controlfield><marc:controlfield tag="003">NL-AMISG</marc:controlfield><marc:controlfield tag="005">19950210234845.0</marc:controlfield><marc:controlfield tag="008">199502suuuuuuuu||||||||||||||||||||||| d</marc:controlfield><marc:datafield ind1=" " ind2=" " tag="035"><marc:subfield code="a">(IISG)IISGb10048214</marc:subfield></marc:datafield><marc:datafield ind1=" " ind2=" " tag="040"><marc:subfield code="a">NL-AmISG</marc:subfield></marc:datafield><marc:datafield ind1="1" ind2=" " tag="100"><marc:subfield code="a">Berneri, C.</marc:subfield></marc:datafield><marc:datafield ind1="1" ind2="3" tag="245"><marc:subfield code="a">El incesto y la eugenesia. Debe ser castigado el incesto?.</marc:subfield></marc:datafield><marc:datafield ind1=" " ind2=" " tag="260"><marc:subfield code="a">Barcelona :</marc:subfield><marc:subfield code="b">Guilda de amigos del libro,</marc:subfield><marc:subfield code="c">s.a.</marc:subfield></marc:datafield><marc:datafield ind1=" " ind2=" " tag="300"><marc:subfield code="a">64 p.</marc:subfield></marc:datafield><marc:datafield ind1=" " ind2=" " tag="500"><marc:subfield code="a">Cuardernos de educación sexual.</marc:subfield></marc:datafield><marc:datafield ind1=" " ind2=" " tag="690"><marc:subfield code="a">Bro An 430</marc:subfield><marc:subfield code="b">Anarchism; Italy; culture, religion, ethics; sex</marc:subfield><marc:subfield code="c">Anarchisme; Italië; godsdienst, ethiek, cultuur; sexuele ethiek.</marc:subfield></marc:datafield><marc:datafield ind1=" " ind2=" " tag="852"><marc:subfield code="a">IISG</marc:subfield><marc:subfield code="b">IISG</marc:subfield><marc:subfield code="c">IISG</marc:subfield><marc:subfield code="j">Bro An 430/250</marc:subfield><marc:subfield code="p">N10047722</marc:subfield></marc:datafield><marc:datafield ind1=" " ind2=" " tag="901"><marc:subfield code="a">307150</marc:subfield><marc:subfield code="b">Unknown</marc:subfield><marc:subfield code="c">307150</marc:subfield><marc:subfield code="t">biblio</marc:subfield></marc:datafield><marc:datafield ind1=" " ind2=" " tag="902"><marc:subfield code="a">10622/CFD7E860-3F70-4502-9CFD-1ED83D2E1EA4</marc:subfield></marc:datafield></marc:record>